@misc{beispiel,
    author = {{Beispiel_Autor}},
    title = {{Beispiel_Titel}},
    howpublished = {\url{http://www.beispiel-url.de}},
    note = {Datum: 25.08.2016}